<?xml version="1.0" encoding="UTF-8"?><collection xmlns="http://www.loc.gov/MARC21/slim"><record><leader>00425nam--2200157-i-4500</leader><controlfield tag="001">000011214</controlfield><controlfield tag="002">20161230</controlfield><controlfield tag="005">20170304144916</controlfield><controlfield tag="008">060222s1000------------r-----000-0-eng-d</controlfield><datafield ind1=" " ind2=" " tag="100"><subfield code="a">Davidson, Ronald C</subfield></datafield><datafield ind1=" " ind2=" " tag="245"><subfield code="a">Mathematical preparation for general physics with calculus</subfield></datafield><datafield ind1=" " ind2=" " tag="260"><subfield code="a">Philadelphia</subfield><subfield code="b">W.B.Saunders Co</subfield><subfield code="c">1973</subfield></datafield><datafield ind1=" " ind2=" " tag="300"><subfield code="a">263 p</subfield></datafield><datafield ind1=" " ind2=" " tag="700"><subfield code="a">Marion, Jerry B</subfield></datafield><datafield ind1=" " ind2=" " tag="852"><subfield code="a">51:53</subfield></datafield><datafield ind1=" " ind2=" " tag="CAT"><subfield code="a">SYS</subfield><subfield code="c">20170304</subfield><subfield code="h">144916</subfield></datafield></record></collection>